
%%%%%%%%%%%%%%%%%%%%
%%% introduction %%%
%%%%%%%%%%%%%%%%%%%%
@techreport{ATL-COM-PHYS-2017-433,
      author        = "Lindquist, Brian Edward and Lohwasser, Kristin and Bocci,
                       Andrea and Di Ciaccio, Lucia and Iliadis, Dimitrios and
                       Kobel, Michael and Kouskoura, Vasiliki and Li, Shu and
                       Pleier, Marc-Andre and Wu, Yusheng",
      title         = "{Recommendations from the Anomalous Gauge Coupling
                       Taskforce}",
      institution   = "CERN",
      address       = "Geneva",
      reportNumber  = "ATL-COM-PHYS-2017-433",
      month         = "Apr",
      year          = "2017",
      url           = "https://cds.cern.ch/record/2261444",
}
@article{CERN-PH-EP-2016-001,
	doi = {10.1140/epjc/s10052-016-4126-5},
  
	url = {https://doi.org/10.1140%2Fepjc%2Fs10052-016-4126-5},
  
	year = 2016,
	month = {jun},
  
	publisher = {Springer Science and Business Media {LLC}
},
  
	volume = {76},
  
	number = {6},
  
	author = {ATLAS Collaboration},
  
	title = {Measurement of the charged-particle multiplicity inside jets from $\sqrt{s}=8$
      TeV pp collisions with the ATLAS detector},
	journal = {The European Physical Journal C}
}
@article{Cowan:2010js,
	doi = {10.1140/epjc/s10052-011-1554-0},
  
	url = {https://doi.org/10.1140%2Fepjc%2Fs10052-011-1554-0},
  
	year = 2011,
	month = {feb},
  
	publisher = {Springer Science and Business Media {LLC}
},
  
	volume = {71},
  
	number = {2},
  
	author = {Glen Cowan and Kyle Cranmer and Eilam Gross and Ofer Vitells},
  
	title = {Asymptotic formulae for likelihood-based tests of new physics},
  
	journal = {The European Physical Journal C}
}

@article{Binosi:2003yf,
title = {JaxoDraw: A graphical user interface for drawing Feynman diagrams},
journal = {Computer Physics Communications},
volume = {161},
number = {1},
pages = {76-86},
year = {2004},
issn = {0010-4655},
doi = {https://doi.org/10.1016/j.cpc.2004.05.001},
url = {https://www.sciencedirect.com/science/article/pii/S0010465504002115},
author = {D. Binosi and L. Theußl},
keywords = {Feynman diagrams, LaTeX, Java, GUI},
abstract = {JaxoDraw is a Feynman graph plotting tool written in Java. It has a complete graphical user interface that allows all actions to be carried out via mouse click-and-drag operations in a WYSIWYG fashion. Graphs may be exported to postscript/EPS format and can be saved in XML files to be used for later sessions. One of JaxoDraw's main features is the possibility to create  code that may be used to generate graphics output, thus combining the powers of  with those of a modern day drawing program. With JaxoDraw it becomes possible to draw even complicated Feynman diagrams with just a few mouse clicks, without the knowledge of any programming language.
Program summary
Title of program: JaxoDraw Catalogue identifier: ADUA Program summary URL: http://cpc.cs.qub.ac.uk/summaries/ADUA Program obtainable from: CPC Program Library, Queen's University of Belfast, N. Ireland Distribution format: tar gzip file Operating system: Any Java-enabled platform, tested on Linux, Windows ME, XP, Mac OS X Programming language used: Java License: GPL Nature of problem: Existing methods for drawing Feynman diagrams usually require some ‘hard-coding’ in one or the other programming or scripting language. It is not very convenient and often time consuming, to generate relatively simple diagrams. Method of solution: A program is provided that allows for the interactive drawing of Feynman diagrams with a graphical user interface. The program is easy to learn and use, produces high quality output in several formats and runs on any operating system where a Java Runtime Environment is available. Number of bytes in distributed program, including test data: 2117863 Number of lines in distributed program, including test data: 60000 Restrictions: Certain operations (like internal latex compilation, Postscript preview) require the execution of external commands that might not work on untested operating systems. Typical running time: As an interactive program, the running time depends on the complexity of the diagram to be drawn.}
}

@article{Englert:1964et,
      author         = "Englert, F. and Brout, R.",
      title          = "{Broken Symmetry and the Mass of Gauge Vector Mesons}",
      journal        = "Phys. Rev. Lett.",
      volume         = "13",
      year           = "1964",
      pages          = "321-323",
      doi            = "10.1103/PhysRevLett.13.321",
      SLACcitation   = "%%CITATION = PRLTA,13,321;%%"
}

@article{Higgs:1964pj,
      author         = "Higgs, Peter W.",
      title          = "{Broken Symmetries and the Masses of Gauge Bosons}",
      journal        = "Phys. Rev. Lett.",
      volume         = "13",
      year           = "1964",
      pages          = "508-509",
      doi            = "10.1103/PhysRevLett.13.508",
      SLACcitation   = "%%CITATION = PRLTA,13,508;%%"
}

@article{Guralnik:1964eu,
      author         = "Guralnik, G. S. and Hagen, C. R. and Kibble, T. W. B.",
      title          = "{Global Conservation Laws and Massless Particles}",
      journal        = "Phys. Rev. Lett.",
      volume         = "13",
      year           = "1964",
      pages          = "585-587",
      doi            = "10.1103/PhysRevLett.13.585",
      SLACcitation   = "%%CITATION = PRLTA,13,585;%%"
}

@article{Longhitano:1980tm,
      author         = "Longhitano, Anthony C.",
      title          = "{Low-Energy Impact of a Heavy Higgs Boson Sector}",
      journal        = "Nucl. Phys. B",
      volume         = "188",
      year           = "1981",
      pages          = "118",
      doi            = "10.1016/0550-3213(81)90109-7",
      reportNumber   = "YTP-80-27-REV, YTP-80-27",
      SLACcitation   = "%%CITATION = NUPHA,B188,118;%%"
}

%%%CMS%%%

@article{2021135992,
title = {Evidence for electroweak production of four charged leptons and two jets in proton-proton collisions at s=13TeV},
journal = {Physics Letters B},
volume = {812},
pages = {135992},
year = {2021},
issn = {0370-2693},
doi = {https://doi.org/10.1016/j.physletb.2020.135992},
url = {https://www.sciencedirect.com/science/article/pii/S0370269320307954},
author = {{CMS Collaboration}}
}

@article{2022137438,
title = {Evidence for WW/WZ vector boson scattering in the decay channel $l\nu qq$ produced in association with two jets in proton-proton collisions at s=13 TeV},
journal = {Physics Letters B},
volume = {834},
pages = {137438},
year = {2022},
issn = {0370-2693},
doi = {https://doi.org/10.1016/j.physletb.2022.137438},
url = {https://www.sciencedirect.com/science/article/pii/S037026932200572X},
author = {{CMS Collaboration}}
}

@article{2023137495,
title = {Observation of electroweak W+W− pair production in association with two jets in proton-proton collisions at s=13TeV},
journal = {Physics Letters B},
volume = {841},
pages = {137495},
year = {2023},
issn = {0370-2693},
doi = {https://doi.org/10.1016/j.physletb.2022.137495},
url = {https://www.sciencedirect.com/science/article/pii/S0370269322006293},
author = {{CMS Collaboration}}
}

%%%VBS_Run2%%%%%%%

@techreport{Charlton:2808769,
      author        = "Charlton, Dave and Kono, Takanori and Iconomidou-Fayard,
                       Lydia and Conventi, Francesco and Zhu, Chengguang and
                       Nikolopoulos, Konstantinos and Grivaz, Jean-Francois and
                       Varouchas, Dimitris and Makovec, Nikola and Neubauer, Mark
                       and Terashi, Koji and Tsybyshev, Dmitry and Li, Haifeng and
                       Rossi, Elvira and Nobe, Takuya and Sousa, Mario Jose and
                       Cavaliere, Viviana and Xu, Lailin and Zeng, Jiancong and
                       Trofymov, Artur and Nitta, Tatsumi and Fitschen, Tobias and
                       Les, Robert and Mittal, Monika and Giannini, Antonio and
                       Han, Yi Fei and Wakasa, Rena and Fujimoto, Minori and
                       Kotsokechagia, Anastasia and Auricchio, Silvia and Pinto,
                       Sara and Potamianos, Karolos",
      title         = "{Study of electroweak WW/WZ/ZZ production in the
                       semileptonic final states in association with a high-mass
                       dijet system and limits on anomalous quartic gauge
                       couplings with 13 TeV full run-2 ATLAS data}",
      institution   = "CERN",
      reportNumber  = "ATL-COM-PHYS-2022-346",
      address       = "Geneva",
      year          = "2022",
      url           = "https://cds.cern.ch/record/2808769",
}



@Article{delphi1,
    author         = "{DELPHI Collaboration, J. Abdallah {\textit{et al.}}}",
      title          = "{Measurement of the $e^+ e^- \rightarrow W^+ W^- \gamma$ cross-section
                        and limits on anomalous quartic gauge couplings with DELPHI}",
      collaboration  = "DELPHI",
      journal        = "Eur. Phys. J. C",
      volume         = "31",
      year           = "2003",
      pages          = "139",
      doi            = "10.1140/epjc/s2003-01350-x",
      eprint         = "hep-ex/0311004",
      archivePrefix  = "arXiv",
      primaryClass   = "hep-ex",
      reportNumber   = "CERN-EP-2003-045",
      SLACcitation   = "%%CITATION = HEP-EX/0311004;%%"
}

@Article{opal1,
    author         = "{OPAL Collaboration, G. Abbiendi {\textit{et al.}}}",
      title          = "{Measurement of the $W^{+} W^{-} \gamma$ cross-section
                        and first direct limits on anomalous electroweak quartic
                        gauge couplings}",
      collaboration  = "OPAL",
      journal        = "Phys. Lett. B",
      volume         = "471",
      year           = "1999",
      pages          = "293",
      doi            = "10.1016/S0370-2693(99)01357-X",
      eprint         = "hep-ex/9910069",
      archivePrefix  = "arXiv",
      reportNumber   = "CERN-EP-99-130",
      SLACcitation   = "%%CITATION = HEP-EX/9910069;%%"
}

@Article{opal2,
    author         = "{OPAL Collaboration, G. Abbiendi {\textit {et al.}}}",
     title          = "{A Study of $W^{+} W^{-} \gamma$ events at LEP}",
      collaboration  = "OPAL",
      journal        = "Phys. Lett. B",
      volume         = "580",
      year           = "2004",
      pages          = "17",
      doi            = "10.1016/j.physletb.2003.10.063",
      eprint         = "hep-ex/0309013",
      archivePrefix  = "arXiv",
      reportNumber   = "CERN-EP-2003-043",
      SLACcitation   = "%%CITATION = HEP-EX/0309013;%%"
}

@Article{opal3,
    author         = "{OPAL Collaboration, G. Abbiendi {\textit{et al.}}}",
      title          = "{Constraints on anomalous quartic gauge boson couplings
                        from $\nu \bar{\nu} \gamma \gamma$ and $q \bar{q} \gamma \gamma$
                        events at LEP-2}",
      collaboration  = "OPAL",
      journal        = "Phys. Rev. D",
      volume         = "70",
      year           = "2004",
      pages          = "032005",
      doi            = "10.1103/PhysRevD.70.032005",
      eprint         = "hep-ex/0402021",
      archivePrefix  = "arXiv",
      reportNumber   = "CERN-PH-EP-2004-003",
      SLACcitation   = "%%CITATION = HEP-EX/0402021;%%"
}

@Article{L3_1,
    author         = "{L3 Collaboration, P. Achard {\textit{et al.}}}",
      title          = "{The $e^{+} e^{-} \to Z \gamma \gamma \to q \bar{q}
                        \gamma \gamma$ reaction at LEP and constraints on
                        anomalous quartic gauge boson couplings}",
      collaboration  = "L3",
      journal        = "Phys. Lett. B",
      volume         = "540",
      year           = "2002",
      pages          = "43",
      doi            = "10.1016/S0370-2693(02)02127-5",
      eprint         = "hep-ex/0206050",
      archivePrefix  = "arXiv",
      primaryClass   = "hep-ex",
      reportNumber   = "CERN-EP-2002-034",
      SLACcitation   = "%%CITATION = HEP-EX/0206050;%%"
}

@Article{L3_2,
    author         = "{L3 Collaboration, P. Achard {\textit{et al.}}}",
     title          = "{Study of the $W^{+} W^{-} \gamma$ process and limits on
                        anomalous quartic gauge boson couplings at LEP}",
      collaboration  = "L3",
      journal        = "Phys. Lett. B",
      volume         = "527",
      year           = "2002",
      pages          = "29",
      doi            = "10.1016/S0370-2693(02)01167-X",
      eprint         = "hep-ex/0111029",
      archivePrefix  = "arXiv",
      reportNumber   = "CERN-EP-2001-080",
      SLACcitation   = "%%CITATION = HEP-EX/0111029;%%"
}

@Article{d0aQGC,
    author         = "{D0 Collaboration, V. Abazov {\textit{et al.}}}",
      title          = "{Search for anomalous quartic $WW{\gamma}{\gamma}$
                        couplings in dielectron and missing energy final states in
                        $p\bar{p}$ collisions at $\sqrt{s}$ = 1.96 TeV}",
      collaboration  = "D0",
      journal        = "Phys. Rev. D",
      volume         = "88",
      year           = "2013",
      pages          = "012005",
      doi            = "10.1103/PhysRevD.88.012005",
      eprint         = "1305.1258",
      archivePrefix  = "arXiv",
      primaryClass   = "hep-ex",
      reportNumber   = "FERMILAB-PUB-13-133-E",
      SLACcitation   = "%%CITATION = ARXIV:1305.1258;%%"
}

% LHC TDR (has design luminosity)
@book{Bruning:782076,
 author        = "Brüning, Oliver Sim and Collier, Paul and Lebrun, P and
 Myers, Stephen and Ostojic, Ranko and Poole, John and
 Proudlock, Paul",
 title         = "{LHC Design Report}",
 publisher     = "CERN",
 address       = "Geneva",
 series        = "CERN Yellow Reports: Monographs",
 year          = "2004",
 url           = "https://cds.cern.ch/record/782076",
}

% Higgs papers
@article{Higgs:1964ia,
 author         = "Higgs, Peter W.",
 title          = "{Broken symmetries, massless particles and gauge fields}",
 journal        = "Phys. Lett.",
 volume         = "12",
 year           = "1964",
 pages          = "132-133",
 doi            = "10.1016/0031-9163(64)91136-9",
 SLACcitation   = "%%CITATION = PHLTA,12,132;%%"
}

@article{Bernstein:1983wk,
      author         = "Bernstein, D. and others",
      title          = "{The Mark-{III} Spectrometer}",
      journal        = "Nucl. Instrum. Meth.",
      volume         = "A226",
      year           = "1984",
      pages          = "301",
      doi            = "10.1016/0168-9002(84)90043-3",
      reportNumber   = "SLAC-PUB-3222, CALT-68-1076",
      SLACcitation   = "%%CITATION = NUIMA,A226,301;%%"
}

%%%%%%%%%%%%%%
%%% Theory %%%
%%%%%%%%%%%%%%

@book{PeskinSchroeder1995,
  author    = {Peskin, M. E. and Schroeder, D. V.},
  title     = {An Introduction to Quantum Field Theory},
  publisher = {Addison-Wesley},
  address   = {Reading, USA},
  year      = {1995}
}

@misc{Burgard2019,
  author = {Burgard, C.},
  title = {{TikZ diagram of the Standard Model of physics}},
  year = {2019},
  howpublished = {\url{http://www.texample.net/tikz/examples/model-physics/}},
  note = {Accessed: 2019-06-28}
}

@article{PhysRev.109.1015,
  title = {Helicity of Neutrinos},
  author = {Goldhaber, M. and Grodzins, L. and Sunyar, A. W.},
  journal = {Phys. Rev.},
  volume = {109},
  issue = {3},
  pages = {1015--1017},
  numpages = {0},
  year = {1958},
  month = {Feb},
  publisher = {American Physical Society},
  doi = {10.1103/PhysRev.109.1015},
  url = {https://link.aps.org/doi/10.1103/PhysRev.109.1015}
}

@book{CampbellHustonKrauss2017,
  author    = {Campbell, J. and Huston, J. and Krauss, F.},
  title     = {The Black Book of Quantum Chromodynamics},
  publisher = {Oxford University Press},
  year      = {2017},
  url       = {https://global.oup.com/academic/product/the-black-book-of-quantum-chromodynamics-9780199652747},
}

@article{GLASHOW1961579,
title = {Partial-symmetries of weak interactions},
journal = {Nuclear Physics},
volume = {22},
number = {4},
pages = {579-588},
year = {1961},
issn = {0029-5582},
doi = {https://doi.org/10.1016/0029-5582(61)90469-2},
url = {https://www.sciencedirect.com/science/article/pii/0029558261904692},
author = {Sheldon L. Glashow},
abstract = {Weak and electromagnetic interactions of the leptons are examined under the hypothesis that the weak interactions are mediated by vector bosons. With only an isotopic triplet of leptons coupled to a triplet of vector bosons (two charged decay-intermediaries and the photon) the theory possesses no partial-symmetries. Such symmetries may be established if additional vector bosons or additional leptons are introduced. Since the latter possibility yields a theory disagreeing with experiment, the simplest partially-symmetric model reproducing the observed electromagnetic and weak interactions of leptons requires the existence of at least four vector-boson fields (including the photon). Corresponding partially-conserved quantities suggest leptonic analogues to the conserved quantities associated with strong interactions: strangeness and isobaric spin.}
}

@article{PhysRev.127.965,
  title = {Broken Symmetries},
  author = {Goldstone, Jeffrey and Salam, Abdus and Weinberg, Steven},
  journal = {Phys. Rev.},
  volume = {127},
  issue = {3},
  pages = {965--970},
  numpages = {0},
  year = {1962},
  month = {Aug},
  publisher = {American Physical Society},
  doi = {10.1103/PhysRev.127.965},
  url = {https://link.aps.org/doi/10.1103/PhysRev.127.965}
}

@article{PhysRevLett.19.1264,
  title = {A Model of Leptons},
  author = {Weinberg, Steven},
  journal = {Phys. Rev. Lett.},
  volume = {19},
  issue = {21},
  pages = {1264--1266},
  numpages = {0},
  year = {1967},
  month = {Nov},
  publisher = {American Physical Society},
  doi = {10.1103/PhysRevLett.19.1264},
  url = {https://link.aps.org/doi/10.1103/PhysRevLett.19.1264}
}

@article{PhysRevLett.13.508,
  title = {Broken Symmetries and the Masses of Gauge Bosons},
  author = {Higgs, Peter W.},
  journal = {Phys. Rev. Lett.},
  volume = {13},
  issue = {16},
  pages = {508--509},
  numpages = {0},
  year = {1964},
  month = {Oct},
  publisher = {American Physical Society},
  doi = {10.1103/PhysRevLett.13.508},
  url = {https://link.aps.org/doi/10.1103/PhysRevLett.13.508}
}

@article{PhysRevLett.13.321,
  title = {Broken Symmetry and the Mass of Gauge Vector Mesons},
  author = {Englert, F. and Brout, R.},
  journal = {Phys. Rev. Lett.},
  volume = {13},
  issue = {9},
  pages = {321--323},
  numpages = {0},
  year = {1964},
  month = {Aug},
  publisher = {American Physical Society},
  doi = {10.1103/PhysRevLett.13.321},
  url = {https://link.aps.org/doi/10.1103/PhysRevLett.13.321}
}

@article{PhysRevLett.13.585,
  title = {Global Conservation Laws and Massless Particles},
  author = {Guralnik, G. S. and Hagen, C. R. and Kibble, T. W. B.},
  journal = {Phys. Rev. Lett.},
  volume = {13},
  issue = {20},
  pages = {585--587},
  numpages = {0},
  year = {1964},
  month = {Nov},
  publisher = {American Physical Society},
  doi = {10.1103/PhysRevLett.13.585},
  url = {https://link.aps.org/doi/10.1103/PhysRevLett.13.585}
}

@article{Plehn_2005,
   title={Quartic Higgs coupling at hadron colliders},
   volume={72},
   ISSN={1550-2368},
   url={http://dx.doi.org/10.1103/PhysRevD.72.053008},
   DOI={10.1103/physrevd.72.053008},
   number={5},
   journal={Physical Review D},
   publisher={American Physical Society (APS)},
   author={Plehn, Tilman and Rauch, Michael},
   year={2005},
   month=sep 
}

@misc{ellis2013higgs,
  title={Higgs Physics},
  author={Ellis, John},
  year={2013},
  howpublished={Lecture Notes in 2013 European School of High-Energy Physics},
  note={arXiv:1312.5672},
  doi={10.5170/CERN-2015-004.117}
}

@article{10.1143/PTPS.1.1,
    author = {Yukawa, Hideki},
    title = "{On the Interaction of Elementary Particles. I}",
    journal = {Progress of Theoretical Physics Supplement},
    volume = {1},
    pages = {1-10},
    year = {1955},
    month = {01},
    issn = {0375-9687},
    doi = {10.1143/PTPS.1.1},
    url = {https://doi.org/10.1143/PTPS.1.1},
    eprint = {https://academic.oup.com/ptps/article-pdf/doi/10.1143/PTPS.1.1/5310694/1-1.pdf},
}

@article{20121,
title = {Observation of a new particle in the search for the Standard Model Higgs boson with the ATLAS detector at the LHC},
journal = {Physics Letters B},
volume = {716},
number = {1},
pages = {1-29},
year = {2012},
issn = {0370-2693},
doi = {https://doi.org/10.1016/j.physletb.2012.08.020},
url = {https://www.sciencedirect.com/science/article/pii/S037026931200857X},
author = {{The ATLAS Collaboration}}
}

@article{201230,
title = {Observation of a new boson at a mass of 125 GeV with the CMS experiment at the LHC},
journal = {Physics Letters B},
volume = {716},
number = {1},
pages = {30-61},
year = {2012},
issn = {0370-2693},
doi = {https://doi.org/10.1016/j.physletb.2012.08.021},
url = {https://www.sciencedirect.com/science/article/pii/S0370269312008581},
author = {{CMS Collaboration}}
}

%%%%EFT
@article{Weinberg:1978kz,
    author = "Weinberg, Steven",
    editor = "Deser, S.",
    title = "{Phenomenological Lagrangians}",
    reportNumber = "HUTP-78-A051A",
    doi = "10.1016/0378-4371(79)90223-1",
    journal = "Physica A",
    volume = "96",
    number = "1-2",
    pages = "327--340",
    year = "1979"
}

@article{RevModPhys.52.515,
  title = {Conceptual foundations of the unified theory of weak and electromagnetic interactions},
  author = {Weinberg, Steven},
  journal = {Rev. Mod. Phys.},
  volume = {52},
  issue = {3},
  pages = {515--523},
  numpages = {0},
  year = {1980},
  month = {Jul},
  publisher = {American Physical Society},
  doi = {10.1103/RevModPhys.52.515},
  url = {https://link.aps.org/doi/10.1103/RevModPhys.52.515}
}

%%%% aGC
@Article{GaemersGounaris1979,
  author  = {Gaemers, K.J.F. and Gounaris, G.J.},
  title = {Polarization amplitudes for $e^+ e^-$ $\rightarrow$ $W^+ W^-$ and $e^+ e^-$ $\rightarrow$ $ZZ$},
  journal = {Zeitschrift f{\"u}r Physik C Particles and Fields},
  volume  = {1},
  pages   = {259--268},
  year    = {1979},
  doi     = {10.1007/BF01440226},
  url     = {https://doi.org/10.1007/BF01440226},
  month   = sep,
  note    = {Issue Date: September 1979},
}

%%%% EFT+aGC
@article{Degrande_2013,
   title={Effective field theory: A modern approach to anomalous couplings},
   volume={335},
   ISSN={0003-4916},
   url={http://dx.doi.org/10.1016/j.aop.2013.04.016},
   DOI={10.1016/j.aop.2013.04.016},
   journal={Annals of Physics},
   publisher={Elsevier BV},
   author={Degrande, Céline and Greiner, Nicolas and Kilian, Wolfgang and Mattelaer, Olivier and Mebane, Harrison and Stelzer, Tim and Willenbrock, Scott and Zhang, Cen},
   year={2013},
   month=aug, 
   pages={21–32},
}

%%%%LHC
@book{Brüning:782076,
      author        = "Brüning, Oliver Sim and Collier, Paul and Lebrun, P and
                       Myers, Stephen and Ostojic, Ranko and Poole, John and
                       Proudlock, Paul",
      title         = "{LHC Design Report}",
      publisher     = "CERN",
      address       = "Geneva",
      series        = "CERN Yellow Reports: Monographs",
      year          = "2004",
      url           = "https://cds.cern.ch/record/782076",
      doi           = "10.5170/CERN-2004-003-V-1",
}

@article{TheATLASCollaboration_2008,
doi = {10.1088/1748-0221/3/08/S08003},
url = {https://dx.doi.org/10.1088/1748-0221/3/08/S08003},
year = {2008},
month = {aug},
publisher = {},
volume = {3},
number = {08},
pages = {S08003},
author = {{The ATLAS Collaboration}},
title = {The ATLAS Experiment at the CERN Large Hadron Collider},
journal = {Journal of Instrumentation},
}

@article{TheCMSCollaboration_2008,
doi = {10.1088/1748-0221/3/08/S08004},
url = {https://dx.doi.org/10.1088/1748-0221/3/08/S08004},
year = {2008},
month = {aug},
publisher = {},
volume = {3},
number = {08},
pages = {S08004},
author = {{The CMS Collaboration}},
title = {The CMS experiment at the CERN LHC},
journal = {Journal of Instrumentation}
}

@article{TheLHCbCollaboration_2008,
doi = {10.1088/1748-0221/3/08/S08005},
url = {https://dx.doi.org/10.1088/1748-0221/3/08/S08005},
year = {2008},
month = {aug},
publisher = {},
volume = {3},
number = {08},
pages = {S08005},
author = {{The LHCb Collaboration}},
title = {The LHCb Detector at the LHC},
journal = {Journal of Instrumentation}
}

@article{TheALICECollaboration_2008,
doi = {10.1088/1748-0221/3/08/S08002},
url = {https://dx.doi.org/10.1088/1748-0221/3/08/S08002},
year = {2008},
month = {aug},
publisher = {},
volume = {3},
number = {08},
pages = {S08002},
author = {The ALICE Collaboration},
title = {The ALICE experiment at the CERN LHC},
journal = {Journal of Instrumentation}
}

@article{LyndonEvans_2008,
doi = {10.1088/1748-0221/3/08/S08001},
url = {https://dx.doi.org/10.1088/1748-0221/3/08/S08001},
year = {2008},
month = {aug},
publisher = {},
volume = {3},
number = {08},
pages = {S08001},
author = {Lyndon Evans and  Philip Bryant},
title = {LHC Machine},
journal = {Journal of Instrumentation}
}

@INPROCEEDINGS{1288863,
  author={Rossi, L.},
  booktitle={Proceedings of the 2003 Particle Accelerator Conference}, 
  title={The LHC superconducting magnets}, 
  year={2003},
  volume={1},
  number={},
  pages={141-145 Vol.1},
  keywords={Large Hadron Collider;Superconducting magnets;Superconducting cables;Accelerator magnets;Production;Apertures;Copper;Niobium compounds;Titanium compounds;Helium},
  doi={10.1109/PAC.2003.1288863}}

@ARTICLE{1324760,
  author={Rossi, L.},
  journal={IEEE Transactions on Applied Superconductivity}, 
  title={Superconducting magnets for the LHC main lattice}, 
  year={2004},
  volume={14},
  number={2},
  pages={153-158},
  keywords={Superconducting magnets;Large Hadron Collider;Lattices;Production;Manufacturing;Large scale integration;Fabrication;Coils;Welding},
  doi={10.1109/TASC.2004.829031}}

@unpublished{Team:40524,
      author        = "AC Team",
      title         = "{Diagram of an LHC dipole magnet. Schéma d'un aimant
                       dipôle du LHC}",
      year          = "1999",
      url           = "https://cds.cern.ch/record/40524",
}

@book{Burnet:1359959,
      author        = "Burnet, Jean-Paul and Carli, Christian and Chanel, Michel
                       and Garoby, Roland and Gilardoni, Simone and Giovannozzi,
                       Massimo and Hancock, Steven and Haseroth, Helmut and
                       Hübner,   Kurt and Küchler, Detlef and Lewis, Julian and
                       Lombardi, Alessandra and Manglunki, Django and Martini,
                       Michel and Maury, Stephan and Métral, Elias and Möhl,
                       Dieter and Plass, Günther and Rinolfi, Louis and Scrivens,
                       Richard and Steerenberg, Rende and Steinbach, Charles and
                       Vretenar, Maurizio and Zickler,Thomas",
      title         = "{Fifty years of the CERN Proton Synchrotron: Volume 1}",
      publisher     = "CERN",
      address       = "Geneva",
      series        = "CERN Yellow Reports: Monographs",
      year          = "2011",
      url           = "https://cds.cern.ch/record/1359959",
      doi           = "10.5170/CERN-2011-004",
}

@article{Haffner:1621894,
      author        = "Haffner, Julie",
      title         = "{The CERN accelerator complex. Complexe des
                       accélérateurs du CERN}",
      year          = "2013",
      url           = "https://cds.cern.ch/record/1621894",
      note          = "General Photo",
}

%%%ATLAS
@unpublished{Pequenao:1095924,
      author        = "Joao Pequenao",
      title         = "{Computer generated image of the whole ATLAS detector}",
      year          = "2008",
      url           = "https://cds.cern.ch/record/1095924",
}

@misc{neutelings2023lhc,
  author = {Neutelings, Izaak},
  title = {The LHC Coordinate System as Seen from the ATLAS Detector},
  howpublished = {\url{https://tikz.net/axis3d_cms/}},
  note = {Licensed under CC BY-SA 4.0},
  year = {2023}
}

@article{ATLAS:1998yql,
    author = "Alam, M. S. and others",
    collaboration = "ATLAS",
    title = "{ATLAS pixel detector: Technical design report}",
    reportNumber = "CERN-LHCC-98-13",
    month = "5",
    year = "1998"
}

@unpublished{Pequenao:1095926,
      author        = "Joao Pequenao",
      title         = "{Computer generated image of the ATLAS inner detector}",
      year          = "2008",
      url           = "https://cds.cern.ch/record/1095926",
}


@article{TheATLASTRTcollaboration_2008,
doi = {10.1088/1748-0221/3/02/P02013},
url = {https://dx.doi.org/10.1088/1748-0221/3/02/P02013},
year = {2008},
month = {feb},
publisher = {},
volume = {3},
number = {02},
pages = {P02013},
author = {{The ATLAS TRT collaboration}},
title = {The ATLAS Transition Radiation Tracker (TRT) proportional drift tube: design and performance},
journal = {Journal of Instrumentation},
}

%%%Cal
@unpublished{Pequenao:1095927,
      author        = "Joao Pequenao",
      title         = "{Computer Generated image of the ATLAS calorimeter}",
      year          = "2008",
      url           = "https://cds.cern.ch/record/1095927",
}

@article{ATLAS:1996ab,
    collaboration = "ATLAS",
    title = "{ATLAS liquid argon calorimeter: Technical design report}",
    reportNumber = "CERN-LHCC-96-41",
    month = "12",
    year = "1996"
}

@article{ATLAS:1996aa,
    collaboration = "ATLAS",
    title = "{ATLAS tile calorimeter: Technical design report}",
    reportNumber = "CERN-LHCC-96-42",
    month = "12",
    year = "1996"
}

@article{AArtamonov_2008,
doi = {10.1088/1748-0221/3/02/P02010},
url = {https://dx.doi.org/10.1088/1748-0221/3/02/P02010},
year = {2008},
month = {feb},
publisher = {},
volume = {3},
number = {02},
pages = {P02010},
author = {A Artamonov and  D Bailey and  G Belanger and  M Cadabeschi and  T -Y Chen and  V Epshteyn and  P Gorbounov and  K K Joo and  M Khakzad and  V Khovanskiy and  P Krieger and  P Loch and  J Mayer and  E Neuheimer and  F G Oakham and  M O'Neill and  R S Orr and  M Qi and  J Rutherfoord and  A Savine and  M Schram and  P Shatalov and  L Shaver and  M Shupe and  G Stairs and  V Strickland and  D Tompkins and  I Tsukerman and  K Vincent},
title = {The ATLAS Forward Calorimeter},
journal = {Journal of Instrumentation},
}

@article{ATLAS:1997ad,
    collaboration = "ATLAS",
    title = "{ATLAS muon spectrometer: Technical design report}",
    reportNumber = "CERN-LHCC-97-22, ATLAS-TDR-10",
    month = "6",
    year = "1997"
}

@unpublished{Pequenao:1095929,
      author        = "Joao Pequenao",
      title         = "{Computer generated image of the ATLAS Muons subsystem}",
      year          = "2008",
      url           = "https://cds.cern.ch/record/1095929",
}

%TDAQ
@article{ATLAS:1998ad,
    collaboration = "ATLAS",
    title = "{ATLAS level-1 trigger}: {Technical Design Report}",
    reportNumber = "ATLAS-TDR-12, CERN-LHCC-98-014, CERN-LHCC-98-14, ATLAS-TDR-12",
    month = "6",
    year = "1998"
}

@article{ATLAS:2003aa,
    collaboration = "ATLAS",
    title = "{ATLAS high-level trigger, data acquisition and controls: Technical design report}",
    reportNumber = "CERN-LHCC-2003-022, ATLAS-TRD-016",
    month = "7",
    year = "2003"
}

@article{Abbott_2016,
doi = {10.1088/1748-0221/11/02/C02080},
url = {https://dx.doi.org/10.1088/1748-0221/11/02/C02080},
year = {2016},
month = {feb},
publisher = {},
volume = {11},
number = {02},
pages = {C02080},
author = {B. Abbott and R. Blair and G. Crone and B. Green and J. Love and J. Proudfoot and O. Rifki and W.P. Vazquez and W. Vandelli and J. Zhang},
title = {The evolution of the region of interest builder for the ATLAS experiment at CERN},
journal = {Journal of Instrumentation},
}

%%%%%FTK
@article{Aad_2021,
  doi = {10.1088/1748-0221/16/07/P07006},
  url = {https://dx.doi.org/10.1088/1748-0221/16/07/P07006},
  year = {2021},
  month = {jul},
  publisher = {IOP Publishing},
  volume = {16},
  number = {07},
  pages = {P07006},
  author = {{The ATLAS collaboration}},
  title = {The ATLAS Fast TracKer system},
  journal = {Journal of Instrumentation}
}

@article{TAMSETT2013253,
title = {Performance and improvements of the ATLAS jet trigger system},
journal = {Nuclear Instruments and Methods in Physics Research Section A: Accelerators, Spectrometers, Detectors and Associated Equipment},
volume = {718},
pages = {253-254},
year = {2013},
note = {Proceedings of the 12th Pisa Meeting on Advanced Detectors},
issn = {0168-9002},
doi = {https://doi.org/10.1016/j.nima.2012.10.050},
url = {https://www.sciencedirect.com/science/article/pii/S0168900212011850},
author = {M. Tamsett},
keywords = {ATLAS, CERN, LHC, Trigger, Jet},
}

@article{Aad2016,
  author       = {{ATLAS Collaboration}},
  title        = {The performance of the jet trigger for the ATLAS detector during 2011 data taking},
  journal      = {The European Physical Journal C},
  year         = {2016},
  volume       = {76},
  issue        = {10},
  pages        = {526},
  date         = {2016-09-27},
  issn         = {1434-6052},
  doi          = {10.1140/epjc/s10052-016-4325-0},
  url          = {https://doi.org/10.1140/epjc/s10052-016-4325-0},
}


@phdthesis{Atkinson2019,
  author = {Atkinson, Markus},
  title = {Search for Diboson resonances in 8 TeV and 13 TeV proton-proton collisions at the Large Hadron Collider with the ATLAS detector},
  school = {University of Illinois at Urbana-Champaign},
  year = {2019},
  month = {7},
  day = {5},
  advisor = {Neubauer, Mark},
  committee = {Thaler, Jon and Fields, Brian and Eckstein, James},
  note = {Available at \url{https://hdl.handle.net/2142/105786}},
}

%%%%%%%%LUCID2
@article{Avoni:2633501,
      author        = "Avoni, G and Bruschi, M and Cabras, G and Caforio, D and
                       Dehghanian, N and Floderus, A and Giacobbe, B and
                       Giannuzzi, F and Giorgi, F and Grafström, P and Hedberg, V
                       and Lasagni Manghi, F and Meneghini, S and Pinfold, J and
                       Richards, E and Sbarra, C and Semprini Cesari, N and
                       Sbrizzi, A and Soluk, R and Ucchielli, G and Valentinetti,
                       S and Viazlo, O and Villa, M and Vittori, C and Vuillermet,
                       R and Zoccoli, A",
      title         = "{The new LUCID-2 detector for luminosity measurement and
                       monitoring in ATLAS}",
      journal       = "JINST",
      volume        = "13",
      number        = "07",
      pages         = "P07017",
      year          = "2018",
      url           = "https://cds.cern.ch/record/2633501",
      doi           = "10.1088/1748-0221/13/07/P07017",
}

%%%NNPDF3
@article{Ball_2015,
   title={Parton distributions for the LHC run II},
   volume={2015},
   ISSN={1029-8479},
   url={http://dx.doi.org/10.1007/JHEP04(2015)040},
   DOI={10.1007/jhep04(2015)040},
   number={4},
   journal={Journal of High Energy Physics},
   publisher={Springer Science and Business Media LLC},
   author={Ball, Richard D. and Bertone, Valerio and Carrazza, Stefano and Deans, Christopher S. and Del Debbio, Luigi and Forte, Stefano and Guffanti, Alberto and Hartland, Nathan P. and Latorre, José I. and Rojo, Juan and Ubiali, Maria},
   year={2015},
   month=apr }

%%%%%%%%%%%%%%%%%%
%%% mc samples %%%
%%%%%%%%%%%%%%%%%%

@article{Lange:2001uf,
      author         = "Lange, D. J.",
      title          = "{The EvtGen particle decay simulation package}",
      booktitle      = "{Proceedings, 7th International Conference on B physics
                        at hadron machines (BEAUTY 2000)}",
      journal        = "Nucl. Instrum. Meth.",
      volume         = "A462",
      year           = "2001",
      pages          = "152-155",
      doi            = "10.1016/S0168-9002(01)00089-4",
      SLACcitation   = "%%CITATION = NUIMA,A462,152;%%"
}

@article{Sjostrand:2008vc,
      author         = "Sjostrand, Torbjorn",
      title          = "{PYTHIA 8 Status Report}",
      pages          = "726-732",
      year           = "2008",
      eprint         = "0809.0303",
      archivePrefix  = "arXiv",
      primaryClass   = "hep-ph",
      reportNumber   = "LU-TP-08-17, MCNET-08-09",
      SLACcitation   = "%%CITATION = ARXIV:0809.0303;%%",
}

@article{Agostinelli:2002hh,
      author         = "Agostinelli, S. and others",
      title          = "{GEANT4: A Simulation toolkit}",
      collaboration  = "GEANT4",
      journal        = "Nucl. Instrum. Meth.",
      volume         = "A506",
      year           = "2003",
      pages          = "250-303",
      doi            = "10.1016/S0168-9002(03)01368-8",
      reportNumber   = "SLAC-PUB-9350, FERMILAB-PUB-03-339",
      SLACcitation   = "%%CITATION = NUIMA,A506,250;%%"
}

@article{Gleisberg:2008ta,
      author         = "Gleisberg, T. and H{\"o}che, Stefan. and Krauss, F. and
                        Sch{\"o}nherr, M. and Schumann, S. and others",
      title          = "{Event generation with SHERPA 1.1}",
      journal        = "JHEP",
      volume         = "0902",
      pages          = "007",
      doi            = "10.1088/1126-6708/2009/02/007",
      year           = "2009",
      eprint         = "0811.4622",
      archivePrefix  = "arXiv",
      primaryClass   = "hep-ph",
}

@article{Gleisberg:2008fv,
      author         = "Gleisberg, Tanju and H{\"o}che, Stefan",
      title          = "{Comix, a new matrix element generator}",
      journal        = "JHEP",
      volume         = "0812",
      pages          = "039",
      doi            = "10.1088/1126-6708/2008/12/039",
      year           = "2008",
      eprint         = "0808.3674",
      archivePrefix  = "arXiv",
      primaryClass   = "hep-ph",
}

@article{Cascioli:2011va,
      author         = "Cascioli, Fabio and Maierhofer, Philipp and Pozzorini,
                        Stefano",
      title          = "{Scattering Amplitudes with Open Loops}",
      journal        = "Phys. Rev. Lett.",
      volume         = "108",
      year           = "2012",
      pages          = "111601",
      doi            = "10.1103/PhysRevLett.108.111601",
      eprint         = "1111.5206",
      archivePrefix  = "arXiv",
      primaryClass   = "hep-ph",
      reportNumber   = "ZU-TH-23-11, LPN11-66",
      SLACcitation   = "%%CITATION = ARXIV:1111.5206;%%"
}

@article{Schumann:2007mg,
      author         = "Schumann, Steffen and Krauss, Frank",
      title          = "{A Parton shower algorithm based on Catani-Seymour dipole
                        factorisation}",
      journal        = "JHEP",
      volume         = "0803",
      pages          = "038",
      doi            = "10.1088/1126-6708/2008/03/038",
      year           = "2008",
      eprint         = "0709.1027",
      archivePrefix  = "arXiv",
      primaryClass   = "hep-ph",
}

@article{Hoeche:2012yf,
      author         = "H{\"o}che, Stefan and Krauss, Frank and Sch{\"o}nherr, Marek and
                        Siegert, Frank",
      title          = "{QCD matrix elements + parton showers: The NLO case}",
      journal        = "JHEP",
      volume         = "04",
      year           = "2013",
      pages          = "027",
      doi            = "10.1007/JHEP04(2013)027",
      eprint         = "1207.5030",
      archivePrefix  = "arXiv",
      primaryClass   = "hep-ph",
      reportNumber   = "SLAC-PUB-15191, IPPP-12-52, DCPT-12-104, LPN12-081,
                        FR-PHENO-2012-017, MCNET-12-09, --FR-PHENO-2012-017",
      SLACcitation   = "%%CITATION = ARXIV:1207.5030;%%"
}

@article{Alioli:2010xd,
      author         = "Alioli, Simone and Nason, Paolo and Oleari, Carlo and Re,
                        Emanuele",
      title          = "{A general framework for implementing NLO calculations in
                        shower Monte Carlo programs: the POWHEG BOX}",
      journal        = "JHEP",
      volume         = "1006",
      pages          = "043",
      doi            = "10.1007/JHEP06(2010)043",
      year           = "2010",
      eprint         = "1002.2581",
      archivePrefix  = "arXiv",
      primaryClass   = "hep-ph",
}

@article{Ball:2014uwa,
      author         = "Ball, Richard D. and others",
      title          = "{Parton distributions for the LHC Run II}",
      collaboration  = "NNPDF",
      journal        = "JHEP",
      volume         = "04",
      year           = "2015",
      pages          = "040",
      doi            = "10.1007/JHEP04(2015)040",
      eprint         = "1410.8849",
      archivePrefix  = "arXiv",
      primaryClass   = "hep-ph",
      reportNumber   = "EDINBURGH-2014-15, IFUM-1034-FT, CERN-PH-TH-2013-253,
                        OUTP-14-11P, CAVENDISH-HEP-14-11",
      SLACcitation   = "%%CITATION = ARXIV:1410.8849;%%"
}

@article{Artoisenet:2012st,
      author         = "Artoisenet, Pierre and Frederix, Rikkert and Mattelaer,
                        Olivier and Rietkerk, Robbert",
      title          = "{Automatic spin-entangled decays of heavy resonances in
                        Monte Carlo simulations}",
      journal        = "JHEP",
      volume         = "1303",
      pages          = "015",
      doi            = "10.1007/JHEP03(2013)015",
      year           = "2013",
      eprint         = "1212.3460",
      archivePrefix  = "arXiv",
      primaryClass   = "hep-ph",
      reportNumber   = "NIKHEF-2012-021, CERN-PH-TH-2012-329",
      SLACcitation   = "%%CITATION = ARXIV:1212.3460;%%",
}

@article{Czakon:2011xx,
      author         = "Czakon, Michal and Mitov, Alexander",
      title          = "{Top++: A Program for the Calculation of the Top-Pair
                       Cross-Section at Hadron Colliders}",
      year           = "2014",
      journal       = "Compt/~Phys.~Commun.",
      vol             = 185,
      pages        = 2930,
      eprint         = "1112.5675",
      archivePrefix  = "arXiv",
      primaryClass   = "hep-ph",
      SLACcitation   = "%%CITATION = ARXIV:1112.5675;%%",
}

@article{Kidonakis:2010ux,
      author         = "Kidonakis, Nikolaos",
      title          = "{Two-loop soft anomalous dimensions for single top quark
                        associated production with a W- or H-}",
      journal        = "Phys. Rev.",
      volume         = "D82",
      year           = "2010",
      pages          = "054018",
      doi            = "10.1103/PhysRevD.82.054018",
      eprint         = "1005.4451",
      archivePrefix  = "arXiv",
      primaryClass   = "hep-ph",
      SLACcitation   = "%%CITATION = ARXIV:1005.4451;%%"
}

@article{Kidonakis:2011wy,
      author         = "Kidonakis, Nikolaos",
      title          = "{Next-to-next-to-leading-order collinear and soft gluon
                        corrections for t-channel single top quark production}",
      journal        = "Phys. Rev.",
      volume         = "D83",
      year           = "2011",
      pages          = "091503",
      doi            = "10.1103/PhysRevD.83.091503",
      eprint         = "1103.2792",
      archivePrefix  = "arXiv",
      primaryClass   = "hep-ph",
      SLACcitation   = "%%CITATION = ARXIV:1103.2792;%%"
}

@article{Kidonakis:2010tc,
      author         = "Kidonakis, Nikolaos",
      title          = "{NNLL resummation for s-channel single top quark
                        production}",
      journal        = "Phys. Rev.",
      volume         = "D81",
      year           = "2010",
      pages          = "054028",
      doi            = "10.1103/PhysRevD.81.054028",
      eprint         = "1001.5034",
      archivePrefix  = "arXiv",
      primaryClass   = "hep-ph",
      SLACcitation   = "%%CITATION = ARXIV:1001.5034;%%"
}

@article{Alwall:2014hca,
      author         = "Alwall, J. and Frederix, R. and Frixione, S. and Hirschi,
                        V. and Maltoni, F. and others",
      title          = "{The automated computation of tree-level and
                        next-to-leading order differential cross sections, and
                        their matching to parton shower simulations}",
      year           = "2014",
      eprint         = "1405.0301",
      archivePrefix  = "arXiv",
      primaryClass   = "hep-ph",
      reportNumber   = "CERN-PH-TH-2014-064, CP3-14-18, LPN14-066, MCNET-14-09,
                        ZU-TH-14-14",
      SLACcitation   = "%%CITATION = ARXIV:1405.0301;%%",
}

@article{Sjostrand:2007gs,
       author         = "Sj{\"o}strand, Torbjorn and Mrenna, Stephen and Skands, Peter
       Z.",
       title          = "{A brief introduction to PYTHIA 8.1}",
       journal        = "Comput. Phys. Commun.",
       volume         = "178",
       year           = "2008",
       pages          = "852-867",
       doi            = "10.1016/j.cpc.2008.01.036",
       eprint         = "0710.3820",
       archivePrefix  = "arXiv",
       primaryClass   = "hep-ph",
       reportNumber   = "CERN-LCGAPP-2007-04, LU-TP-07-28,
       FERMILAB-PUB-07-512-CD-T",
       SLACcitation   = "%%CITATION = ARXIV:0710.3820;%%"
}

@article{Ball:2012cx,
      author         = "Ball, Richard D. and others",
      title          = "{Parton distributions with LHC data}",
      journal        = "Nucl. Phys. B",
      volume         = "867",
      year           = "2013",
      pages          = "244-289",
      doi            = "10.1016/j.nuclphysb.2012.10.003",
      eprint         = "1207.1303",
      archivePrefix  = "arXiv",
      primaryClass   = "hep-ph",
      reportNumber   = "EDINBURGH-2012-08, IFUM-FT-997, FR-PHENO-2012-014,
                        RWTH-TTK-12-25, CERN-PH-TH-2012-037, SFB-CPP-12-47",
      SLACcitation   = "%%CITATION = ARXIV:1207.1303;%%"
}

% CKKW-L
@article{Lonnblad:2001iq,
      author         = "L{\"o}nnblad, Leif",
      title          = "{Correcting the Colour-Dipole Cascade Model
                  with Fixed Order Matrix Elements}",
      journal        = "JHEP",
      volume         = "05",
      year           = "2002",
      pages          = "046",
      doi            = "10.1088/1126-6708/2002/05/046",
      eprint         = "hep-ph/0112284",
      archivePrefix  = "arXiv",
      XprimaryClass   = "hep-ph",
      reportNumber   = "LU-TP-01-38",
      SLACcitation   = "%%CITATION = HEP-PH/0112284;%%"
}

@article{Lonnblad:2011xx,
      author         = "L{\"o}nnblad, Leif and Prestel, Stefan",
      title          = "{Matching tree-level matrix elements with interleaved
                        showers}",
      journal        = "JHEP",
      volume         = "03",
      year           = "2012",
      pages          = "019",
      doi            = "10.1007/JHEP03(2012)019",
      eprint         = "1109.4829",
      archivePrefix  = "arXiv",
      primaryClass   = "hep-ph",
      SLACcitation   = "%%CITATION = ARXIV:1109.4829;%%"
}

@techreport{ATL-PHYS-PUB-2014-021,
      title         = "{ATLAS Pythia 8 tunes to 7 TeV data}",
      institution   = "CERN",
      reportNumber  = "ATL-PHYS-PUB-2014-021",
      address       = "Geneva",
      year          = "2014",
      url           = "https://cds.cern.ch/record/1966419",
      note          = "All figures including auxiliary figures are available at
                       https://atlas.web.cern.ch/Atlas/GROUPS/PHYSICS/PUBNOTES/ATL-PHYS-PUB-2014-021",
}

@article{Anastasiou:2003ds,
      author         = "Anastasiou, Charalampos and Dixon, Lance J. and Melnikov,
                        Kirill and Petriello, Frank",
      title          = "{High precision QCD at hadron colliders: Electroweak
                        gauge boson rapidity distributions at next-to-next-to leading order}",
      journal        = "Phys. Rev. D",
      volume         = "69",
      year           = "2004",
      pages          = "094008",
      doi            = "10.1103/PhysRevD.69.094008",
      eprint         = "hep-ph/0312266",
      archivePrefix  = "arXiv",
      reportNumber   = "SLAC-PUB-10288, UH-511-1042-03",
      SLACcitation   = "%%CITATION = HEP-PH/0312266;%%"
}

@techreport{ATL-PHYS-PUB-2016-020,
      collaboration = "ATLAS",
      title         = "{Studies on top-quark Monte Carlo modelling for Top2016}",
      institution   = "CERN",
      reportNumber  = "ATL-PHYS-PUB-2016-020",
      address       = "Geneva",
      year          = "2016",
      url           = "https://cds.cern.ch/record/2216168",
      note          = "All figures including auxiliary figures are available at
                       https://atlas.web.cern.ch/Atlas/GROUPS/PHYSICS/PUBNOTES/ATL-PHYS-PUB-2016-020",
}

% Sherpa 2.2 release note
@article{Bothmann:2019yzt,
      author = "Bothmann, Enrico and others",
      title = "{Event generation with Sherpa 2.2}",
      journal = "SciPost Phys.",
      volume = "7",
      year = "2019",
      number = "3",
      pages = "034",
      doi = "10.21468/SciPostPhys.7.3.034",
      reportNumber = "FERMILAB-PUB-19-218-T, SLAC-PUB-17433, IPPP/19/42, MCNET-19-11",
      eprint = "1905.09127",
      archivePrefix = "arXiv",
      primaryClass = "hep-ph",
}

% NLO+PS matching
@article{Hoeche:2011fd,
      author         = "H{\"o}che, Stefan and Krauss, Frank and Sch{\"o}nherr, Marek and
                        Siegert, Frank",
      title          = "{A critical appraisal of NLO+PS matching methods}",
      journal        = "JHEP",
      volume         = "09",
      year           = "2012",
      pages          = "049",
      doi            = "10.1007/JHEP09(2012)049",
      eprint         = "1111.1220",
      archivePrefix  = "arXiv",
      primaryClass   = "hep-ph",
      reportNumber   = "SLAC-PUB-14661, IPPP-11-67, DCPT-11-134, LPN11-58,
                        FR-PHENO-2011-019, MCNET-11-24",
      SLACcitation   = "%%CITATION = ARXIV:1111.1220;%%"
}

% ME+PS matching
@article{Catani:2001cc,
      author         = "Catani, S. and Krauss, F. and Kuhn, R. and Webber, B. R.",
      title          = "{QCD Matrix Elements + Parton Showers}",
      journal        = "JHEP",
      volume         = "11",
      year           = "2001",
      pages          = "063",
      doi            = "10.1088/1126-6708/2001/11/063",
      eprint         = "hep-ph/0109231",
      archivePrefix  = "arXiv",
      reportNumber   = "CERN-TH-2000-367, CAVENDISH-HEP-00-03",
      SLACcitation   = "%%CITATION = HEP-PH/0109231;%%"
}

% Sherpa - if ME+PS merging is used (almost always)
% MEPSatLO
@Article{Hoeche:2009rj,
      author         = "H{\"o}che, Stefan and Krauss, Frank and Schumann, Steffen and Siegert, Frank",
      title          = "{QCD matrix elements and truncated showers}",
      journal        = "JHEP",
      volume         = "05",
      pages          = "053",
      doi            = "10.1088/1126-6708/2009/05/053",
      year           = "2009",
      eprint         = "0903.1219",
      archivePrefix  = "arXiv",
      primaryClass   = "hep-ph",
}



%%%%%%%%%%%%%%%%%%%%%%%%
%%% Object selection %%%
%%%%%%%%%%%%%%%%%%%%%%%%

@article{Krohn:2009th,
      author         = "Krohn, David and Thaler, Jesse and Wang, Lian-Tao",
      title          = "{Jet Trimming}",
      journal        = "JHEP",
      volume         = "1002",
      pages          = "084",
      doi            = "10.1007/JHEP02(2010)084",
      year           = "2010",
      eprint         = "0912.1342",
      archivePrefix  = "arXiv",
      primaryClass   = "hep-ph",
      SLACcitation   = "%%CITATION = ARXIV:0912.1342;%%",                                                     
}

@article{Larkoski:2014gra,
      author         = "Larkoski, Andrew J. and Moult, Ian and Neill, Duff",
      title          = "{Power Counting to Better Jet Observables}",
      journal        = "JHEP",
      volume         = "12",
      year           = "2014",
      pages          = "009",
      doi            = "10.1007/JHEP12(2014)009",
      eprint         = "1409.6298",
      archivePrefix  = "arXiv",
      primaryClass   = "hep-ph",
      NOreportNumber   = "MIT--CTP-4588",
      SLACcitation   = "%%CITATION = ARXIV:1409.6298;%%"                                                      
}

@article{Larkoski:2015kga,
      author         = "Larkoski, Andrew J. and Moult, Ian and Neill, Duff",
      title          = "{Analytic boosted boson discrimination}",
      year           = "2015",
      eprint         = "1507.03018",
      archivePrefix  = "arXiv",
      primaryClass   = "hep-ph",
      NOreportNumber   = "MIT-CTP-4681",
      SLACcitation   = "%%CITATION = ARXIV:1507.03018;%%"                                                     
}

@misc{twiki_egQual,
      author         = "{ATLAS Collaboration}",
      howpublished="TWiki",
      url="https://twiki.cern.ch/twiki/bin/view/AtlasProtected/EGammaIdentificationRun2#Object_quality_cut"
}



%%%%SHAP
@inproceedings{LundbergLee2017,
  author    = "Lundberg, Scott M. and Lee, Su-In",
  title     = "{A Unified Approach to Interpreting Model Predictions}",
  booktitle = "Advances in Neural Information Processing Systems",
  year      = "2017",
  pages     = "4--7",
  url       = "https://proceedings.neurips.cc/paper/2017/file/8a20a8621978632d76c43dfd28b67767-Paper.pdf",
  doi       = "10.5555/3295222.3295230",
}

%%%%%%%%%%%%%%%%%%%%%%%
%%%   ML section    %%%
%%%%%%%%%%%%%%%%%%%%%%%
@online{chollet2015keras,
  title={Keras},
  author={Chollet, Francois and others},
  year={2015},
  publisher={GitHub},
  url={https://github.com/fchollet/keras},
}

@misc{tensorflow2015-whitepaper,
title={ {TensorFlow}: Large-Scale Machine Learning on Heterogeneous Systems},
url={https://www.tensorflow.org/},
note={Software available from tensorflow.org},
author={
    Mart\'{i}n~Abadi and
    Ashish~Agarwal and
    Paul~Barham and
    Eugene~Brevdo and
    Zhifeng~Chen and
    Craig~Citro and
    Greg~S.~Corrado and
    Andy~Davis and
    Jeffrey~Dean and
    Matthieu~Devin and
    Sanjay~Ghemawat and
    Ian~Goodfellow and
    Andrew~Harp and
    Geoffrey~Irving and
    Michael~Isard and
    Yangqing Jia and
    Rafal~Jozefowicz and
    Lukasz~Kaiser and
    Manjunath~Kudlur and
    Josh~Levenberg and
    Dandelion~Man\'{e} and
    Rajat~Monga and
    Sherry~Moore and
    Derek~Murray and
    Chris~Olah and
    Mike~Schuster and
    Jonathon~Shlens and
    Benoit~Steiner and
    Ilya~Sutskever and
    Kunal~Talwar and
    Paul~Tucker and
    Vincent~Vanhoucke and
    Vijay~Vasudevan and
    Fernanda~Vi\'{e}gas and
    Oriol~Vinyals and
    Pete~Warden and
    Martin~Wattenberg and
    Martin~Wicke and
    Yuan~Yu and
    Xiaoqiang~Zheng},
  year={2015},
}

%%%%%%%%%%%%%%%%%%%%%%%

%%%%%%%%%%%%%%%%%%%%%%%%%%%%%%%%
%%% Systematic Uncertainties %%%
%%%%%%%%%%%%%%%%%%%%%%%%%%%%%%%%

@article{LUCID2,
    author = "Sbarra, C.",
    editor = "Batignani, Giovanni and Grassi, Marco and Paoletti, Riccardo and Retico, Alessandra and Signorelli, Giovanni and Spagnolo, Paolo",
    collaboration = "ATLAS",
    title = "{The LUCID-2 detector}",
    reportNumber = "ATL-FWD-PROC-2018-001",
    doi = "10.1016/j.nima.2018.07.058",
    journal = "Nucl. Instrum. Meth. A",
    volume = "936",
    pages = "152--153",
    year = "2019"
}

@misc{twiki_lumisys,
      author         = "{ATLAS Collaboration}",
      howpublished="TWiki",
      url="https://twiki.cern.ch/twiki/bin/viewauth/Atlas/LuminosityForPhysics"
}

@article{ATLAS-CONF-2019-021,
    collaboration = "ATLAS",
    title = "{Luminosity determination in $pp$ collisions at $\sqrt{s}=13$ TeV using the ATLAS detector at the LHC}",
    reportNumber = "ATLAS-CONF-2019-021",
    month = "6",
    year = "2019"
}

@techreport{ATL-COM-SOFT-2015-119,
      author        = "Buttinger, William",
      title         = "{Using Event Weights to account for differences in
                       Instantaneous Luminosity and Trigger Prescale in Monte
                       Carlo and Data}",
      institution   = "CERN",
      address       = "Geneva",
      reportNumber  = "ATL-COM-SOFT-2015-119",
      month         = "May",
      year          = "2015",
      url           = "https://cds.cern.ch/record/2014726",
}

@misc{twiki_purwsys,
      author         = "{ATLAS Collaboration}",
      howpublished="TWiki",
      url="https://twiki.cern.ch/twiki/bin/viewauth/AtlasProtected/ExtendedPileupReweighting"
}

@techreport{Bittrich:2770539,
      author        = "Bittrich, Carsten and Di Ciaccio, Lucia and Costanza,
                       Francesco and Goy, Corinne and Karkanias, Ioannis and
                       Kasimi, Eirini and Koletsou, Iro and Manjarres, Joany and
                       Nitschke, Jan-Eric and Petridou, Chariclia and Portales,
                       Louis and Sauvan, Emmanuel and Bachas, Dinos and
                       Zachariadou, Katerina and Christos, Leonidis",
      title         = "{Study of electroweak $W^{\pm}Z$ boson pair production in
                       association with two jets in $pp$ collisions at
                       $\sqrt{s}=13~TeV$ with the ATLAS Detector}",
      institution   = "CERN",
      address       = "Geneva",
      reportNumber  = "ATL-COM-PHYS-2021-328",
      month         = "May",
      year          = "2021",
      url           = "https://cds.cern.ch/record/2770539",
}

%%%%%%%%%%%%%
%%% other %%%
%%%%%%%%%%%%%
@techreport{Bachas:2646593,
      author        = "Bachas, Dinos and Buzatu, Adrian and Carlino, Gianpaolo
                       and Chiodini, Gabriele and Conventi, Francesco and El
                       Ghazali, Yassine and Giannini, Antonio and Guo, Yicheng and
                       Hays, Jonathan Michael and Lack, David Philip John and
                       Lavorgna, Marco and Les, Robert and Li, Tong and Ma,
                       LianLiang and Ma, Yanhui and Masubuchi, Tatsuya and
                       Myagkov, Alexey and Nobe, Takuya and Oh, Alexander and
                       Qian, Jianming and Rossi, Elvira and Ryzhov, Andrey and
                       Sekula, Stephen Jacob and Shaw, Savanna Marie and Da Cunha
                       Sargedas De Sousa, Mario Jose and Spagnolo, Stefania and
                       Terashi, Koji and Woods, Natasha Lee and Xu, Lailin and Xu,
                       Zhongyukun and Yamatani, Masahiro and Zhao, Zhengguo and
                       Zhou, Bing and Lin, Chiao-ying and Corpe, Louie Dartmoor
                       and Ishino, Masaya and Hance, Michael and Auricchio, Silvia
                       and Siral, Ismet and Zhu, Junjie and Pascuzzi, Vincent and
                       Li, Haifeng and Cavaliere, Viviana",
      title         = "{Search for heavy $WW/WZ/ZZ$ resonances in semi-leptonic
                       final states in $pp$ collisions at $\sqrt{s}=13$ TeV with
                       the ATLAS detector}",
      institution   = "CERN",
      address       = "Geneva",
      reportNumber  = "ATL-COM-PHYS-2018-1549",
      month         = "Oct",
      year          = "2018",
      url           = "https://cds.cern.ch/record/2646593",
}

@techreport{Ryzhov:2310214,
      author        = "Ryzhov, Andrey and Myagkov, Alexey and Lin, Chiao-ying and
                       Tsybychev, Dmitri and Pascuzzi, Vincent and Les, Robert and
                       Han, Yi Fei and Cavaliere, Viviana and Xu, Lailin and Zhu,
                       Heling and Nitta, Tatsumi and Yorita, Kohei and Terashi,
                       Koji and Nobe, Takuya and Guo, Yicheng and Zhou, Bing and
                       Zhao, Zhengguo and Wang, Chenliang and Kondrashova,
                       Nataliia and Guo, Jun and Yang, Haijun and Pleier,
                       Marc-Andre and Zeng, Jian Cong and Neubauer, Mark and
                       Giannini, Antonio and Lavorgna, Marco and Conventi,
                       Francesco and Rossi, Elvira and Mittal, Monika and Buzatu,
                       Adrian and Hays, Jonathan Michael and Sekula, Stephen
                       Jacob",
      title         = "{Study of electroweak $WW/WZ/ZZ$ production in the
                       semileptonic final states in association with a high-mass
                       dijet system and limits on anomalous quartic gauge
                       couplings with 13 TeV ATLAS data}",
      institution   = "CERN",
      address       = "Geneva",
      reportNumber  = "ATL-COM-PHYS-2018-270",
      month         = "Mar",
      year          = "2018",
      url           = "https://cds.cern.ch/record/2310214",
}

%%%%%%%%%%%%%%%%%%%%%
%%% uncertainties %%%
%%%%%%%%%%%%%%%%%%%%%
@misc{AtlasLumiRun2,
      author         = "{ATLAS Collaboration}",
      howpublished="TWiki",
      url="https://twiki.cern.ch/twiki/bin/viewauth/Atlas/LuminosityForPhysics"
}

@misc{ExtendedPileupReweighting,
 howpublished="",
 url="https://twiki.cern.ch/twiki/bin/viewauth/AtlasProtected/ExtendedPileupReweighting"
}

@misc{AsgElectronEfficiencyCorrectionTool,
 howpublished="",
 url="https://twiki.cern.ch/twiki/bin/view/AtlasProtected/ElectronEfficiencyRun2"
}

@misc{TrigMuonEfficiency,
   howpublished="",
   url="https://twiki.cern.ch/twiki/bin/view/AtlasProtected/MCPAnalysisWinterMC16#Muon_trigger_efficiency_scale_fa"
}

@Article{Masubuchi:2150252,
      title         = "{Search for a Standard Model Higgs boson produced in
                       association with a vector boson and decaying to a pair of
                       b-quarks}",
      collaboration = "ATLAS",
      journal        = "ATL-COM-PHYS-2016-429",
      year          = "2016",
      url           = "https://cds.cern.ch/record/2150252",
}

@Article{Masubuchi:2151844,
      title         = "{Object selections for analyses involving a Higgs boson
                       produced in association with a vector boson in which
                       $h\rightarrow b\bar{b}$ and $V$ decays leptonically with
                       Run-2 data collected with the ATLAS detector at $\sqrt{s} =
                       13$ TeV}",
      collaboration = "ATLAS",
      journal        = "ATL-COM-PHYS-2016-480",
      year          = "2016",
      url           = "https://cds.cern.ch/record/2151844",
}


@article{eboli2006p,
  title={p p $\to$ j j e$\pm$$\mu$$\pm$$\nu$ $\nu$ and j j e$\pm$$\mu\pm$ $\nu$ $\nu$ at O ($\alpha$ em 6) and O ($\alpha$ em 4 $\alpha$ s 2) for the study of the quartic electroweak gauge boson vertex at CERN LHC},
  author={{\'E}boli, Oscar JP and Gonzalez-Garcia, MC and Mizukoshi, JK},
  journal={Physical Review D},
  volume={74},
  number={7},
  pages={073005},
  year={2006},
  publisher={APS}
}

@article{degrande2013effective,
  title={Effective field theory: a modern approach to anomalous couplings},
  author={Degrande, Celine and Greiner, Nicolas and Kilian, Wolfgang and Mattelaer, Olivier and Mebane, Harrison and Stelzer, Tim and Willenbrock, Scott and Zhang, Cen},
  journal={Annals of Physics},
  volume={335},
  pages={21--32},
  year={2013},
  publisher={Elsevier}
}

@phdthesis{morange:tel-03341303,
  TITLE = {{Beautiful Higgs Boson}},
  AUTHOR = {Morange, Nicolas},
  URL = {http://hal.in2p3.fr/tel-03341303},
  SCHOOL = {{Universit{\'e} Paris-Saclay}},
  YEAR = {2021},
  MONTH = Jul,
  KEYWORDS = {LHC ; ATLAS ; Standard Model ; Higgs Boson ; Associated production ; LHC ; ATLAS ; Mod{\`e}le standard ; Higgs Boson ; Production associ{\'e}e},
  TYPE = {Habilitation {\`a} diriger des recherches},
  PDF = {http://hal.in2p3.fr/tel-03341303/file/HDR_NicolasMorange_Final_Final.pdf},
  HAL_ID = {tel-03341303},
  HAL_VERSION = {v1},
}

@article{PhysRevD.101.113003,
  title = {Unitarity constraints on anomalous quartic couplings},
  author = {Almeida, Eduardo da Silva and \'Eboli, O. J. P. and Gonzalez--Garcia, M. C.},
  journal = {Phys. Rev. D},
  volume = {101},
  issue = {11},
  pages = {113003},
  numpages = {12},
  year = {2020},
  month = {Jun},
  publisher = {American Physical Society},
  doi = {10.1103/PhysRevD.101.113003},
  url = {https://link.aps.org/doi/10.1103/PhysRevD.101.113003}
}
