@online{hepparticles,
  author = {Buckley, Andy},
  title = {The \texttt{hepparticles} package for \LaTeX},
  url = {https://www.ctan.org/pkg/hepparticles},
}
