@Article{Glashow:1961tr,
  author =	 "Glashow, S. L.",
  title =	 "{Partial Symmetries of Weak Interactions}",
  journal =	 "Nucl.\ Phys.",
  volume =	 "22",
  year =	 "1961",
  pages =	 "579-588",
  doi =		 "10.1016/0029-5582(61)90469-2",
  SLACcitation = "%%CITATION = NUPHA,22,579;%%"
}

@Article{Weinberg:1967tq,
  author =	 "Weinberg, Steven",
  title =	 "{A Model of Leptons}",
  journal =	 "Phys.\ Rev.\ Lett.",
  volume =	 "19",
  year =	 "1967",
  pages =	 "1264-1266",
  doi =		 "10.1103/PhysRevLett.19.1264",
  SLACcitation = "%%CITATION = PRLTA,19,1264;%%"
}

@InBook{sm_salam,
  author =	 "Salam, A.",
  title =	 "Weak and Electromagnetic Interactions",
  booktitle =	 "Elementary Particle Theory",
  pages =	 "367",
  editor =	 "N.~Svartholm",
  publisher =	 "Almqvist and Wiksell",
  address =	 "Stockholm",
  year =	 1968
}


