@Article{HIGG-2012-27,
    author         = "{ATLAS Collaboration}",
    title          = "{Observation of a new particle in the search for the Standard Model Higgs boson with the ATLAS detector at the LHC}",
    journal        = "Phys. Lett. B",
    volume         = "716",
    year           = "2012",
    pages          = "1",
    doi            = "10.1016/j.physletb.2012.08.020",
    reportNumber   = "CERN-PH-EP-2012-218",
    eprint         = "1207.7214",
    archivePrefix  = "arXiv",
    primaryClass   = "hep-ex",
}
